<record><leader>00000cas a22000007a 4500</leader><controlfield tag="001">23828935</controlfield><controlfield tag="008">910524d193619uuaruuu ne      0    0eng d</controlfield><datafield ind1=" " ind2=" " tag="010"><subfield code="a">sn 91050065 </subfield></datafield><datafield ind1=" " ind2=" " tag="040"><subfield code="a">ANU</subfield><subfield code="b">eng</subfield><subfield code="c">ANU</subfield><subfield code="d">OCLCQ</subfield><subfield code="d">OCLCF</subfield><subfield code="d">OCLCO</subfield></datafield><datafield ind1="1" ind2=" " tag="029"><subfield code="a">AU@</subfield><subfield code="b">000025856560</subfield></datafield><datafield ind1=" " ind2=" " tag="042"><subfield code="a">msc</subfield></datafield><datafield ind1=" " ind2=" " tag="043"><subfield code="a">n-us-ar</subfield></datafield><datafield ind1="0" ind2="4" tag="245"><subfield code="a">The Quaker Oats news.</subfield></datafield><datafield ind1=" " ind2=" " tag="260"><subfield code="a">Jonesboro, Ark. :</subfield><subfield code="b">[Tribune]</subfield></datafield><datafield ind1=" " ind2=" " tag="300"><subfield code="a">v.</subfield></datafield><datafield ind1="0" ind2=" " tag="362"><subfield code="a">Vol. 1, no. 1 (Oct. 29, 1936)-</subfield></datafield><datafield ind1=" " ind2=" " tag="500"><subfield code="a">"Published in the interests of general health and well being."</subfield></datafield><datafield ind1=" " ind2=" " tag="580"><subfield code="a">Issued with: Jonesboro daily tribune, &lt;Oct. 29, 1936&gt;.</subfield></datafield><datafield ind1=" " ind2="0" tag="651"><subfield code="a">Jonesboro (Ark.)</subfield><subfield code="v">Newspapers.</subfield></datafield><datafield ind1=" " ind2="7" tag="655"><subfield code="a">Newspapers.</subfield><subfield code="2">fast</subfield><subfield code="0">(OCoLC)fst01423814</subfield></datafield><datafield ind1=" " ind2="7" tag="651"><subfield code="a">Arkansas</subfield><subfield code="z">Jonesboro.</subfield><subfield code="2">fast</subfield><subfield code="0">(OCoLC)fst01216477</subfield></datafield><datafield ind1=" " ind2=" " tag="752"><subfield code="a">United States</subfield><subfield code="b">Arkansas</subfield><subfield code="c">Craighead</subfield><subfield code="d">Jonesboro.</subfield></datafield><datafield ind1="1" ind2=" " tag="777"><subfield code="t">Jonesboro daily tribune</subfield><subfield code="w">(DLC)sn 90050281</subfield></datafield></record>